<?xml version="1.0" encoding="UTF-8"?><collection xmlns="http://www.loc.gov/MARC21/slim"><record><leader>00464nam--2200181-i-4500</leader><controlfield tag="001">000030460</controlfield><controlfield tag="002">20161230</controlfield><controlfield tag="005">20170108232542</controlfield><controlfield tag="008">060222s1000------------r-----000-0-eng-d</controlfield><datafield ind1=" " ind2=" " tag="040"><subfield code="a">IFIN-HH</subfield></datafield><datafield ind1=" " ind2=" " tag="080"><subfield code="a">539.14:539.17</subfield></datafield><datafield ind1="1" ind2=" " tag="100"><subfield code="a">McCarthy, I. E</subfield></datafield><datafield ind1="1" ind2="0" tag="245"><subfield code="a">Nuclear reactions</subfield><subfield code="c">I.E. McCarthy</subfield></datafield><datafield ind1=" " ind2=" " tag="260"><subfield code="a">Oxford</subfield><subfield code="b">Pergamon Press</subfield></datafield><datafield ind1=" " ind2=" " tag="300"><subfield code="a">VIII + 372 p</subfield></datafield><datafield ind1=" " ind2=" " tag="490"><subfield code="a">Selected Readings In Physics</subfield></datafield><datafield ind1=" " ind2=" " tag="852"><subfield code="a">37641</subfield><subfield code="c">539.17</subfield></datafield><datafield ind1=" " ind2=" " tag="CAT"><subfield code="a">SYS</subfield><subfield code="c">20170108</subfield><subfield code="h">232542</subfield></datafield></record></collection>